<record><leader>00000cas a22000007a 4500</leader><controlfield tag="001">18851369</controlfield><controlfield tag="008">881207c19889999nyuwr ne      0    0eng d</controlfield><datafield ind1=" " ind2=" " tag="010"><subfield code="a">sn 88074906 </subfield></datafield><datafield ind1=" " ind2=" " tag="040"><subfield code="a">NYS</subfield><subfield code="b">eng</subfield><subfield code="c">NYS</subfield><subfield code="d">OCLCQ</subfield></datafield><datafield ind1=" " ind2=" " tag="042"><subfield code="a">msc</subfield></datafield><datafield ind1="0" ind2="0" tag="245"><subfield code="a">Hamlin Clarkson herald.</subfield></datafield><datafield ind1=" " ind2=" " tag="260"><subfield code="a">Spencerport, N.Y. :</subfield><subfield code="b">Westside News,</subfield><subfield code="c">1988-</subfield></datafield><datafield ind1=" " ind2=" " tag="300"><subfield code="a">v.</subfield></datafield><datafield ind1=" " ind2=" " tag="310"><subfield code="a">Weekly</subfield></datafield><datafield ind1="0" ind2=" " tag="362"><subfield code="a">Issue 1 (Apr. 26, 1988)- ; vol. 1, no. 2 (May 3, 1988)-</subfield></datafield><datafield ind1=" " ind2="4" tag="651"><subfield code="a">Hamlin (N.Y.)</subfield><subfield code="v">Newspapers.</subfield></datafield><datafield ind1=" " ind2="4" tag="651"><subfield code="a">Clarkson (N.Y.)</subfield><subfield code="v">Newspapers.</subfield></datafield><datafield ind1=" " ind2="4" tag="651"><subfield code="a">Spencerport (N.Y.)</subfield><subfield code="v">Newspapers.</subfield></datafield><datafield ind1=" " ind2=" " tag="752"><subfield code="a">United States</subfield><subfield code="b">New York</subfield><subfield code="c">Monroe</subfield><subfield code="d">Hamlin.</subfield></datafield><datafield ind1=" " ind2=" " tag="752"><subfield code="a">United States</subfield><subfield code="b">New York</subfield><subfield code="c">Monroe</subfield><subfield code="d">Clarkson.</subfield></datafield><datafield ind1=" " ind2=" " tag="752"><subfield code="a">United States</subfield><subfield code="b">New York</subfield><subfield code="c">Monroe</subfield><subfield code="d">Spencerport.</subfield></datafield></record>